%YAML 1.1
%TAG !u! tag:unity3d.com,2011:
--- !u!1 &1218363501407239426
GameObject:
  m_ObjectHideFlags: 0
  m_CorrespondingSourceObject: {fileID: 0}
  m_PrefabInstance: {fileID: 0}
  m_PrefabAsset: {fileID: 0}
  serializedVersion: 6
  m_Component:
  - component: {fileID: 2387176942667655146}
  - component: {fileID: 3742770531154478045}
  - component: {fileID: 7816613723771395597}
  m_Layer: 13
  m_Name: Hitbox Right Upper Foot
  m_TagString: Untagged
  m_Icon: {fileID: 0}
  m_NavMeshLayer: 0
  m_StaticEditorFlags: 0
  m_IsActive: 1
--- !u!4 &2387176942667655146
Transform:
  m_ObjectHideFlags: 0
  m_CorrespondingSourceObject: {fileID: 0}
  m_PrefabInstance: {fileID: 0}
  m_PrefabAsset: {fileID: 0}
  m_GameObject: {fileID: 1218363501407239426}
  m_LocalRotation: {x: 0, y: 0, z: 0, w: 1}
  m_LocalPosition: {x: 0, y: 0, z: 0}
  m_LocalScale: {x: 0.0523836, y: 0.052383583, z: 0.052384246}
  m_Children: []
  m_Father: {fileID: 2544537929382915758}
  m_RootOrder: 1
  m_LocalEulerAnglesHint: {x: 0, y: 0, z: 0}
--- !u!136 &3742770531154478045
CapsuleCollider:
  m_ObjectHideFlags: 0
  m_CorrespondingSourceObject: {fileID: 0}
  m_PrefabInstance: {fileID: 0}
  m_PrefabAsset: {fileID: 0}
  m_GameObject: {fileID: 1218363501407239426}
  m_Material: {fileID: 0}
  m_IsTrigger: 0
  m_Enabled: 1
  m_Radius: 0.1
  m_Height: 0.5
  m_Direction: 1
  m_Center: {x: 0, y: 0.2, z: -0.03}
--- !u!114 &7816613723771395597
MonoBehaviour:
  m_ObjectHideFlags: 0
  m_CorrespondingSourceObject: {fileID: 0}
  m_PrefabInstance: {fileID: 0}
  m_PrefabAsset: {fileID: 0}
  m_GameObject: {fileID: 1218363501407239426}
  m_Enabled: 1
  m_EditorHideFlags: 0
  m_Script: {fileID: 11500000, guid: 22c2b0e0787236f4cb37f779f9dbbdd0, type: 3}
  m_Name: 
  m_EditorClassIdentifier: 
  DamageMultiplier: 1
--- !u!1 &1879979813868782033
GameObject:
  m_ObjectHideFlags: 0
  m_CorrespondingSourceObject: {fileID: 0}
  m_PrefabInstance: {fileID: 0}
  m_PrefabAsset: {fileID: 0}
  serializedVersion: 6
  m_Component:
  - component: {fileID: 4954279521319463679}
  m_Layer: 0
  m_Name: LightPistolSocket Hand
  m_TagString: Untagged
  m_Icon: {fileID: 0}
  m_NavMeshLayer: 0
  m_StaticEditorFlags: 0
  m_IsActive: 1
--- !u!4 &4954279521319463679
Transform:
  m_ObjectHideFlags: 0
  m_CorrespondingSourceObject: {fileID: 0}
  m_PrefabInstance: {fileID: 0}
  m_PrefabAsset: {fileID: 0}
  m_GameObject: {fileID: 1879979813868782033}
  m_LocalRotation: {x: -0.06453824, y: 0.06453771, z: 0.70415527, w: -0.70415556}
  m_LocalPosition: {x: -0.0017292381, y: 0.0018302571, z: -0.0016802752}
  m_LocalScale: {x: 0.052383397, y: 0.0523834, z: 0.052383408}
  m_Children: []
  m_Father: {fileID: 2363421639493425396}
  m_RootOrder: 3
  m_LocalEulerAnglesHint: {x: -90, y: 180, z: 0}
--- !u!1 &2300204965752551959
GameObject:
  m_ObjectHideFlags: 0
  m_CorrespondingSourceObject: {fileID: 0}
  m_PrefabInstance: {fileID: 0}
  m_PrefabAsset: {fileID: 0}
  serializedVersion: 6
  m_Component:
  - component: {fileID: 5761441293444647422}
  - component: {fileID: 6008806923601083038}
  - component: {fileID: 4267022421517685009}
  m_Layer: 13
  m_Name: Hitbox Right Lower Foot
  m_TagString: Untagged
  m_Icon: {fileID: 0}
  m_NavMeshLayer: 0
  m_StaticEditorFlags: 0
  m_IsActive: 1
--- !u!4 &5761441293444647422
Transform:
  m_ObjectHideFlags: 0
  m_CorrespondingSourceObject: {fileID: 0}
  m_PrefabInstance: {fileID: 0}
  m_PrefabAsset: {fileID: 0}
  m_GameObject: {fileID: 2300204965752551959}
  m_LocalRotation: {x: 0, y: 0, z: 0, w: 1}
  m_LocalPosition: {x: 0, y: 0, z: 0}
  m_LocalScale: {x: 0.0523836, y: 0.052383367, z: 0.05238411}
  m_Children: []
  m_Father: {fileID: 3463981276554569091}
  m_RootOrder: 1
  m_LocalEulerAnglesHint: {x: 0, y: 0, z: 0}
--- !u!136 &6008806923601083038
CapsuleCollider:
  m_ObjectHideFlags: 0
  m_CorrespondingSourceObject: {fileID: 0}
  m_PrefabInstance: {fileID: 0}
  m_PrefabAsset: {fileID: 0}
  m_GameObject: {fileID: 2300204965752551959}
  m_Material: {fileID: 0}
  m_IsTrigger: 0
  m_Enabled: 1
  m_Radius: 0.07
  m_Height: 0.7
  m_Direction: 1
  m_Center: {x: 0, y: 0.23, z: -0.02}
--- !u!114 &4267022421517685009
MonoBehaviour:
  m_ObjectHideFlags: 0
  m_CorrespondingSourceObject: {fileID: 0}
  m_PrefabInstance: {fileID: 0}
  m_PrefabAsset: {fileID: 0}
  m_GameObject: {fileID: 2300204965752551959}
  m_Enabled: 1
  m_EditorHideFlags: 0
  m_Script: {fileID: 11500000, guid: 22c2b0e0787236f4cb37f779f9dbbdd0, type: 3}
  m_Name: 
  m_EditorClassIdentifier: 
  DamageMultiplier: 1
--- !u!1 &2539699420335940747
GameObject:
  m_ObjectHideFlags: 0
  m_CorrespondingSourceObject: {fileID: 0}
  m_PrefabInstance: {fileID: 0}
  m_PrefabAsset: {fileID: 0}
  serializedVersion: 6
  m_Component:
  - component: {fileID: 166266065361870036}
  - component: {fileID: 2544764550981129408}
  - component: {fileID: 437395186651835239}
  m_Layer: 13
  m_Name: Hitbox Right Upper Arm
  m_TagString: Untagged
  m_Icon: {fileID: 0}
  m_NavMeshLayer: 0
  m_StaticEditorFlags: 0
  m_IsActive: 1
--- !u!4 &166266065361870036
Transform:
  m_ObjectHideFlags: 0
  m_CorrespondingSourceObject: {fileID: 0}
  m_PrefabInstance: {fileID: 0}
  m_PrefabAsset: {fileID: 0}
  m_GameObject: {fileID: 2539699420335940747}
  m_LocalRotation: {x: 0, y: 0, z: 0, w: 1}
  m_LocalPosition: {x: 0, y: 0, z: 0}
  m_LocalScale: {x: 0.05238339, y: 0.052383367, z: 0.052383386}
  m_Children: []
  m_Father: {fileID: 5219945118285736119}
  m_RootOrder: 1
  m_LocalEulerAnglesHint: {x: 0, y: 0, z: 0}
--- !u!136 &2544764550981129408
CapsuleCollider:
  m_ObjectHideFlags: 0
  m_CorrespondingSourceObject: {fileID: 0}
  m_PrefabInstance: {fileID: 0}
  m_PrefabAsset: {fileID: 0}
  m_GameObject: {fileID: 2539699420335940747}
  m_Material: {fileID: 0}
  m_IsTrigger: 0
  m_Enabled: 1
  m_Radius: 0.08
  m_Height: 0.39
  m_Direction: 1
  m_Center: {x: 0, y: 0.15, z: 0}
--- !u!114 &437395186651835239
MonoBehaviour:
  m_ObjectHideFlags: 0
  m_CorrespondingSourceObject: {fileID: 0}
  m_PrefabInstance: {fileID: 0}
  m_PrefabAsset: {fileID: 0}
  m_GameObject: {fileID: 2539699420335940747}
  m_Enabled: 1
  m_EditorHideFlags: 0
  m_Script: {fileID: 11500000, guid: 22c2b0e0787236f4cb37f779f9dbbdd0, type: 3}
  m_Name: 
  m_EditorClassIdentifier: 
  DamageMultiplier: 1
--- !u!1 &2581777463366094945
GameObject:
  m_ObjectHideFlags: 0
  m_CorrespondingSourceObject: {fileID: 0}
  m_PrefabInstance: {fileID: 0}
  m_PrefabAsset: {fileID: 0}
  serializedVersion: 6
  m_Component:
  - component: {fileID: 6858491299735252742}
  - component: {fileID: 5621008145553083417}
  - component: {fileID: 2660562343465264124}
  m_Layer: 13
  m_Name: Hitbox Left Upper Arm
  m_TagString: Untagged
  m_Icon: {fileID: 0}
  m_NavMeshLayer: 0
  m_StaticEditorFlags: 0
  m_IsActive: 1
--- !u!4 &6858491299735252742
Transform:
  m_ObjectHideFlags: 0
  m_CorrespondingSourceObject: {fileID: 0}
  m_PrefabInstance: {fileID: 0}
  m_PrefabAsset: {fileID: 0}
  m_GameObject: {fileID: 2581777463366094945}
  m_LocalRotation: {x: 0, y: 0, z: 0, w: 1}
  m_LocalPosition: {x: 0, y: 0, z: 0}
  m_LocalScale: {x: 0.052383415, y: 0.052383386, z: 0.05238339}
  m_Children: []
  m_Father: {fileID: 8770607531081086677}
  m_RootOrder: 1
  m_LocalEulerAnglesHint: {x: 0, y: 0, z: 0}
--- !u!136 &5621008145553083417
CapsuleCollider:
  m_ObjectHideFlags: 0
  m_CorrespondingSourceObject: {fileID: 0}
  m_PrefabInstance: {fileID: 0}
  m_PrefabAsset: {fileID: 0}
  m_GameObject: {fileID: 2581777463366094945}
  m_Material: {fileID: 0}
  m_IsTrigger: 0
  m_Enabled: 1
  m_Radius: 0.08
  m_Height: 0.39
  m_Direction: 1
  m_Center: {x: 0, y: 0.15, z: 0}
--- !u!114 &2660562343465264124
MonoBehaviour:
  m_ObjectHideFlags: 0
  m_CorrespondingSourceObject: {fileID: 0}
  m_PrefabInstance: {fileID: 0}
  m_PrefabAsset: {fileID: 0}
  m_GameObject: {fileID: 2581777463366094945}
  m_Enabled: 1
  m_EditorHideFlags: 0
  m_Script: {fileID: 11500000, guid: 22c2b0e0787236f4cb37f779f9dbbdd0, type: 3}
  m_Name: 
  m_EditorClassIdentifier: 
  DamageMultiplier: 1
--- !u!1 &3195342177721623701
GameObject:
  m_ObjectHideFlags: 0
  m_CorrespondingSourceObject: {fileID: 0}
  m_PrefabInstance: {fileID: 0}
  m_PrefabAsset: {fileID: 0}
  serializedVersion: 6
  m_Component:
  - component: {fileID: 3195342177721623706}
  - component: {fileID: 1443539153034793729}
  - component: {fileID: 880420323913436033}
  - component: {fileID: 7009200811821368119}
  - component: {fileID: 7097450020938286704}
  - component: {fileID: 3524988856898754022}
  - component: {fileID: 5759160417578924476}
  - component: {fileID: 3776624053948260499}
  - component: {fileID: 7628146594389119857}
  - component: {fileID: 1887541573}
  - component: {fileID: 4666333800788773703}
  m_Layer: 13
  m_Name: Enemy Character
  m_TagString: Untagged
  m_Icon: {fileID: 7174288486110832750, guid: 0000000000000000d000000000000000, type: 0}
  m_NavMeshLayer: 0
  m_StaticEditorFlags: 0
  m_IsActive: 1
--- !u!4 &3195342177721623706
Transform:
  m_ObjectHideFlags: 0
  m_CorrespondingSourceObject: {fileID: 0}
  m_PrefabInstance: {fileID: 0}
  m_PrefabAsset: {fileID: 0}
  m_GameObject: {fileID: 3195342177721623701}
  m_LocalRotation: {x: 0, y: 0, z: 0, w: 1}
  m_LocalPosition: {x: 9.438675, y: -1, z: 0.9115143}
  m_LocalScale: {x: 1, y: 1, z: 1}
  m_Children:
  - {fileID: 6272077694188582314}
  - {fileID: 5673261168835113420}
  - {fileID: 5037517027268216038}
  - {fileID: 2890123492525030002}
  - {fileID: 4485347272779987396}
  m_Father: {fileID: 0}
  m_RootOrder: 0
  m_LocalEulerAnglesHint: {x: 0, y: 0, z: 0}
--- !u!114 &1443539153034793729
MonoBehaviour:
  m_ObjectHideFlags: 0
  m_CorrespondingSourceObject: {fileID: 0}
  m_PrefabInstance: {fileID: 0}
  m_PrefabAsset: {fileID: 0}
  m_GameObject: {fileID: 3195342177721623701}
  m_Enabled: 1
  m_EditorHideFlags: 0
  m_Script: {fileID: 11500000, guid: d6075185d08cf154cb450a39987edcab, type: 3}
  m_Name: 
  m_EditorClassIdentifier: 
  Entity: {fileID: 880420323913436033}
  RoleGraph: {fileID: 11400000, guid: f9e05a516cb46d543b0d34365c67e55e, type: 2}
  ActionGraph: {fileID: 11400000, guid: d88bcb1c22e50794cba95cd5f1123274, type: 2}
  m_updateTickRate: 0.2
  GroupInstance: {fileID: 0}
  ActionsSorted: []
  RolesSorted: []
  CurrentRole: 0
  CurrentAction: {fileID: 0}
  CalculatedPathDistance: 0
--- !u!114 &880420323913436033
MonoBehaviour:
  m_ObjectHideFlags: 0
  m_CorrespondingSourceObject: {fileID: 0}
  m_PrefabInstance: {fileID: 0}
  m_PrefabAsset: {fileID: 0}
  m_GameObject: {fileID: 3195342177721623701}
  m_Enabled: 1
  m_EditorHideFlags: 0
  m_Script: {fileID: 11500000, guid: b04eea36e21c640428f6af8cd13fcefa, type: 3}
  m_Name: 
  m_EditorClassIdentifier: 
  BaseSettings: {fileID: 11400000, guid: c536fe7c6f8fef3478ed3de74cd77a90, type: 2}
  BarkContainer: {fileID: 11400000, guid: 991624a4acc6b954ea8bae892b4e4c1f, type: 2}
  AIEnabled: 1
  AnimationLock: 0
  HasLightMelee: 1
  HasLightPistol: 1
  CurrentHealth: 100
  InstanceID: 0
  FramesFromLastNavigationUpdate: 0
  AggressionLevel: 0
  PlayerVisionDetection: 0
  AggressionIncreaseTimeStamp: 0
  CurrentRotationSpeed: 0
  DistanceToTarget: 300
  AngleToTarget: 0
  TimeSpentInCurrentState: 0
  CurrentAnimationStateTimeNormalized: 0
  AttackCooldown: 0
  AttackCooldownTimerMultiplier: 1
  CurrentAttackCooldownCost: 0
  TimeSpentInvestigating: 0
  TimeSpentInCurrentWaypoint: 0
  HasLineOfSightToTarget: 0
  MovingToCover: 0
  Investigating: 0
  InvestigationTargetPoint: {x: 0, y: 0, z: 0}
  CurrentEquippedWeaponType: 0
  NextEquippedWeaponType: 0
  NavTarget: 0
  InvestigationEventType: 0
  CurrentCoverPoint:
    Position: {x: 0, y: 0, z: 0}
    Normal: {x: 0, y: 0, z: 0}
    IsOccupied: 0
    IsHalfCover: 0
    NeedsRecalculation: 0
  CoverWeightSettings:
    DotProduct: 0
    DistanceFromSelf: 0
    DistanceFromTarget: 0
    IsHalfCover: 0
  OnActionChanged:
    m_PersistentCalls:
      m_Calls: []
  CombatTarget: {fileID: 0}
  EquippedWeapon: {fileID: 0}
  AIComponent: {fileID: 0}
  MovementComponent: {fileID: 0}
  VisionComponent: {fileID: 0}
  HearingComponent: {fileID: 0}
  UIComponent: {fileID: 0}
  VFXComponent: {fileID: 0}
  DialogueSpeaker: {fileID: 0}
  EnvironmentProbeComponent: {fileID: 0}
  PatrolWaypointRoute: {fileID: 0}
  CurrentWaypoint: {fileID: 0}
  m_animator: {fileID: 4143565297478424784}
  m_rootBone: {fileID: 5473243310127589829}
  m_particlesDeath: {fileID: 7909112965926407199}
  m_lightMelee_Object: {fileID: 5037517027268216039}
  m_lightMelee_Socket_Hand: {fileID: 3366077813507327292}
  m_lightMelee_Socket_Back: {fileID: 1766766512123905640}
  m_lightPistol_Object: {fileID: 8709998106595935199}
  m_lightPistol_Socket_Hand: {fileID: 4954279521319463679}
  m_lightPistol_Socket_Back: {fileID: 409511165522054954}
  m_lightPistolAttackCost: 4
--- !u!114 &7009200811821368119
MonoBehaviour:
  m_ObjectHideFlags: 0
  m_CorrespondingSourceObject: {fileID: 0}
  m_PrefabInstance: {fileID: 0}
  m_PrefabAsset: {fileID: 0}
  m_GameObject: {fileID: 3195342177721623701}
  m_Enabled: 1
  m_EditorHideFlags: 0
  m_Script: {fileID: 11500000, guid: 2aa2a2bdaf0217b4d87aa5d9d571dad7, type: 3}
  m_Name: 
  m_EditorClassIdentifier: 
  m_colliderHead: {fileID: 839442614972282078}
  m_colliderUpperChest: {fileID: 6026883050170630451}
  m_colliderLowerChest: {fileID: 8486249014830675302}
  m_colliderRightArmUpper: {fileID: 437395186651835239}
  m_colliderRightArmLower: {fileID: 3791230438610192711}
  m_colliderLeftArmUpper: {fileID: 2660562343465264124}
  m_colliderLeftArmLower: {fileID: 8715791827278354603}
  m_colliderRightLegUpper: {fileID: 7816613723771395597}
  m_colliderRightLegLower: {fileID: 4267022421517685009}
  m_colliderLeftLegUpper: {fileID: 306632401564408842}
  m_colliderLeftLegLower: {fileID: 8206749920527563684}
--- !u!114 &7097450020938286704
MonoBehaviour:
  m_ObjectHideFlags: 0
  m_CorrespondingSourceObject: {fileID: 0}
  m_PrefabInstance: {fileID: 0}
  m_PrefabAsset: {fileID: 0}
  m_GameObject: {fileID: 3195342177721623701}
  m_Enabled: 1
  m_EditorHideFlags: 0
  m_Script: {fileID: 11500000, guid: b4d7f727a2776764f9113478c7de8146, type: 3}
  m_Name: 
  m_EditorClassIdentifier: 
  CurrentPlayerVisibility: 0
  m_settings: {fileID: 11400000, guid: 57720a521ea06d3438abb9922dc85306, type: 2}
--- !u!114 &3524988856898754022
MonoBehaviour:
  m_ObjectHideFlags: 0
  m_CorrespondingSourceObject: {fileID: 0}
  m_PrefabInstance: {fileID: 0}
  m_PrefabAsset: {fileID: 0}
  m_GameObject: {fileID: 3195342177721623701}
  m_Enabled: 1
  m_EditorHideFlags: 0
  m_Script: {fileID: 11500000, guid: a270d330d747de145a7f27c6a8e60037, type: 3}
  m_Name: 
  m_EditorClassIdentifier: 
--- !u!114 &5759160417578924476
MonoBehaviour:
  m_ObjectHideFlags: 0
  m_CorrespondingSourceObject: {fileID: 0}
  m_PrefabInstance: {fileID: 0}
  m_PrefabAsset: {fileID: 0}
  m_GameObject: {fileID: 3195342177721623701}
  m_Enabled: 1
  m_EditorHideFlags: 0
  m_Script: {fileID: 11500000, guid: b15d71a81f63c6a4baaccc939fdb1d40, type: 3}
  m_Name: 
  m_EditorClassIdentifier: 
  AttackElementVisible: 0
  TakedownElementVisible: 0
  OverrideVerticalOffset: 0
  CurrentTakedownType: 0
  m_uiPositionTransform: {fileID: 2890123492525030002}
  EnableDebugUI: 1
--- !u!114 &3776624053948260499
MonoBehaviour:
  m_ObjectHideFlags: 0
  m_CorrespondingSourceObject: {fileID: 0}
  m_PrefabInstance: {fileID: 0}
  m_PrefabAsset: {fileID: 0}
  m_GameObject: {fileID: 3195342177721623701}
  m_Enabled: 1
  m_EditorHideFlags: 0
  m_Script: {fileID: 11500000, guid: f223dcfb73fec834e86f3e1252b649c5, type: 3}
  m_Name: 
  m_EditorClassIdentifier: 
  m_curveDeathDissolve:
    serializedVersion: 2
    m_Curve:
    - serializedVersion: 3
      time: 0
      value: 0
      inSlope: 2
      outSlope: 2
      tangentMode: 0
      weightedMode: 0
      inWeight: 0
      outWeight: 0
    - serializedVersion: 3
      time: 1
      value: 1
      inSlope: 0
      outSlope: 0
      tangentMode: 0
      weightedMode: 0
      inWeight: 0
      outWeight: 0
    m_PreInfinity: 2
    m_PostInfinity: 2
    m_RotationOrder: 4
  m_outlineColor_TakedownHighlight: {r: 2.1146717, g: 0.6959677, b: 0, a: 1}
  m_renderer: {fileID: 2328499293505747154}
  m_particlesDeath: {fileID: 7909112965926407199}
  m_lightMeleeWeaponTransform: {fileID: 5037517027268216038}
  m_upperChestBone: {fileID: 5093378875164437359}
--- !u!114 &7628146594389119857
MonoBehaviour:
  m_ObjectHideFlags: 0
  m_CorrespondingSourceObject: {fileID: 0}
  m_PrefabInstance: {fileID: 0}
  m_PrefabAsset: {fileID: 0}
  m_GameObject: {fileID: 3195342177721623701}
  m_Enabled: 1
  m_EditorHideFlags: 0
  m_Script: {fileID: 11500000, guid: 1c97015c87845a849929c12640790041, type: 3}
  m_Name: 
  m_EditorClassIdentifier: 
  PivotPoint: {fileID: 4485347272779987396}
  PositionOffset: {x: 0, y: 0, z: 0}
--- !u!195 &1887541573
NavMeshAgent:
  m_ObjectHideFlags: 0
  m_CorrespondingSourceObject: {fileID: 0}
  m_PrefabInstance: {fileID: 0}
  m_PrefabAsset: {fileID: 0}
  m_GameObject: {fileID: 3195342177721623701}
  m_Enabled: 1
  m_AgentTypeID: 0
  m_Radius: 0.5
  m_Speed: 4.9
  m_Acceleration: 16
  avoidancePriority: 50
  m_AngularSpeed: 300
  m_StoppingDistance: 0.6
  m_AutoTraverseOffMeshLink: 0
  m_AutoBraking: 0
  m_AutoRepath: 1
  m_Height: 2
  m_BaseOffset: 0
  m_WalkableMask: 5
  m_ObstacleAvoidanceType: 4
--- !u!114 &4666333800788773703
MonoBehaviour:
  m_ObjectHideFlags: 0
  m_CorrespondingSourceObject: {fileID: 0}
  m_PrefabInstance: {fileID: 0}
  m_PrefabAsset: {fileID: 0}
  m_GameObject: {fileID: 3195342177721623701}
  m_Enabled: 1
  m_EditorHideFlags: 0
  m_Script: {fileID: 11500000, guid: add404977c9464c4a888934b830af280, type: 3}
  m_Name: 
  m_EditorClassIdentifier: 
  Enabled: 1
  DrawDebug: 1
  MovementSpeed: 0
  RemainingDistance: 0
--- !u!1 &4296582370734447110
GameObject:
  m_ObjectHideFlags: 0
  m_CorrespondingSourceObject: {fileID: 0}
  m_PrefabInstance: {fileID: 0}
  m_PrefabAsset: {fileID: 0}
  serializedVersion: 6
  m_Component:
  - component: {fileID: 409511165522054954}
  m_Layer: 0
  m_Name: LightPistolSocket Back
  m_TagString: Untagged
  m_Icon: {fileID: 0}
  m_NavMeshLayer: 0
  m_StaticEditorFlags: 0
  m_IsActive: 1
--- !u!4 &409511165522054954
Transform:
  m_ObjectHideFlags: 0
  m_CorrespondingSourceObject: {fileID: 0}
  m_PrefabInstance: {fileID: 0}
  m_PrefabAsset: {fileID: 0}
  m_GameObject: {fileID: 4296582370734447110}
  m_LocalRotation: {x: -0.39921397, y: 0.54676926, z: -0.46985242, w: 0.5664895}
  m_LocalPosition: {x: 0.003345679, y: -0.0049935924, z: 0.0011339403}
  m_LocalScale: {x: 0.052383482, y: 0.052384507, z: 0.052383512}
  m_Children: []
  m_Father: {fileID: 2544537929382915758}
  m_RootOrder: 2
  m_LocalEulerAnglesHint: {x: -7.2200003, y: 95.97301, z: 97.479004}
--- !u!1 &4421182131140635292
GameObject:
  m_ObjectHideFlags: 0
  m_CorrespondingSourceObject: {fileID: 0}
  m_PrefabInstance: {fileID: 0}
  m_PrefabAsset: {fileID: 0}
  serializedVersion: 6
  m_Component:
  - component: {fileID: 1766766512123905640}
  m_Layer: 13
  m_Name: Light Melee Weapon - Back Position
  m_TagString: Untagged
  m_Icon: {fileID: 0}
  m_NavMeshLayer: 0
  m_StaticEditorFlags: 0
  m_IsActive: 1
--- !u!4 &1766766512123905640
Transform:
  m_ObjectHideFlags: 0
  m_CorrespondingSourceObject: {fileID: 0}
  m_PrefabInstance: {fileID: 0}
  m_PrefabAsset: {fileID: 0}
  m_GameObject: {fileID: 4421182131140635292}
  m_LocalRotation: {x: -0.7751338, y: -0.17639646, z: 0.57755196, w: -0.18570292}
  m_LocalPosition: {x: -0.0066, y: 0.0187, z: -0.0068}
  m_LocalScale: {x: 0.052383386, y: 0.05238337, z: 0.05238338}
  m_Children: []
  m_Father: {fileID: 5093378875164437359}
  m_RootOrder: 4
  m_LocalEulerAnglesHint: {x: 29.449001, y: -107.64101, z: 176.11801}
--- !u!1 &4767580576739387056
GameObject:
  m_ObjectHideFlags: 0
  m_CorrespondingSourceObject: {fileID: 0}
  m_PrefabInstance: {fileID: 0}
  m_PrefabAsset: {fileID: 0}
  serializedVersion: 6
  m_Component:
  - component: {fileID: 3366077813507327292}
  m_Layer: 13
  m_Name: LightMeleeSocket Hand
  m_TagString: Untagged
  m_Icon: {fileID: 0}
  m_NavMeshLayer: 0
  m_StaticEditorFlags: 0
  m_IsActive: 1
--- !u!4 &3366077813507327292
Transform:
  m_ObjectHideFlags: 0
  m_CorrespondingSourceObject: {fileID: 0}
  m_PrefabInstance: {fileID: 0}
  m_PrefabAsset: {fileID: 0}
  m_GameObject: {fileID: 4767580576739387056}
  m_LocalRotation: {x: -0.44844157, y: -0.5515127, z: -0.5021169, w: 0.49255702}
  m_LocalPosition: {x: -0.0052, y: 0.00177, z: -0.00158}
  m_LocalScale: {x: 0.05238337, y: 0.05238338, z: 0.05238338}
  m_Children: []
  m_Father: {fileID: 2363421639493425396}
  m_RootOrder: 2
  m_LocalEulerAnglesHint: {x: -84.632, y: -96.464005, z: 0}
--- !u!1 &5288522575474994175
GameObject:
  m_ObjectHideFlags: 0
  m_CorrespondingSourceObject: {fileID: 0}
  m_PrefabInstance: {fileID: 0}
  m_PrefabAsset: {fileID: 0}
  serializedVersion: 6
  m_Component:
  - component: {fileID: 964040825189654655}
  - component: {fileID: 1216485285028550649}
  - component: {fileID: 306632401564408842}
  m_Layer: 13
  m_Name: Hitbox Left Upper Foot
  m_TagString: Untagged
  m_Icon: {fileID: 0}
  m_NavMeshLayer: 0
  m_StaticEditorFlags: 0
  m_IsActive: 1
--- !u!4 &964040825189654655
Transform:
  m_ObjectHideFlags: 0
  m_CorrespondingSourceObject: {fileID: 0}
  m_PrefabInstance: {fileID: 0}
  m_PrefabAsset: {fileID: 0}
  m_GameObject: {fileID: 5288522575474994175}
  m_LocalRotation: {x: 0, y: 0, z: 0, w: 1}
  m_LocalPosition: {x: 0, y: 0, z: 0}
  m_LocalScale: {x: 0.052383646, y: 0.05238372, z: 0.052384034}
  m_Children: []
  m_Father: {fileID: 5281751801384337223}
  m_RootOrder: 1
  m_LocalEulerAnglesHint: {x: 0, y: 0, z: 0}
--- !u!136 &1216485285028550649
CapsuleCollider:
  m_ObjectHideFlags: 0
  m_CorrespondingSourceObject: {fileID: 0}
  m_PrefabInstance: {fileID: 0}
  m_PrefabAsset: {fileID: 0}
  m_GameObject: {fileID: 5288522575474994175}
  m_Material: {fileID: 0}
  m_IsTrigger: 0
  m_Enabled: 1
  m_Radius: 0.1
  m_Height: 0.5
  m_Direction: 1
  m_Center: {x: 0, y: 0.2, z: -0.03}
--- !u!114 &306632401564408842
MonoBehaviour:
  m_ObjectHideFlags: 0
  m_CorrespondingSourceObject: {fileID: 0}
  m_PrefabInstance: {fileID: 0}
  m_PrefabAsset: {fileID: 0}
  m_GameObject: {fileID: 5288522575474994175}
  m_Enabled: 1
  m_EditorHideFlags: 0
  m_Script: {fileID: 11500000, guid: 22c2b0e0787236f4cb37f779f9dbbdd0, type: 3}
  m_Name: 
  m_EditorClassIdentifier: 
  DamageMultiplier: 1
--- !u!1 &5437773035657219266
GameObject:
  m_ObjectHideFlags: 0
  m_CorrespondingSourceObject: {fileID: 0}
  m_PrefabInstance: {fileID: 0}
  m_PrefabAsset: {fileID: 0}
  serializedVersion: 6
  m_Component:
  - component: {fileID: 4319576475293504433}
  - component: {fileID: 7656446044922797820}
  - component: {fileID: 839442614972282078}
  m_Layer: 13
  m_Name: Hitbox Head
  m_TagString: Untagged
  m_Icon: {fileID: 0}
  m_NavMeshLayer: 0
  m_StaticEditorFlags: 0
  m_IsActive: 1
--- !u!4 &4319576475293504433
Transform:
  m_ObjectHideFlags: 0
  m_CorrespondingSourceObject: {fileID: 0}
  m_PrefabInstance: {fileID: 0}
  m_PrefabAsset: {fileID: 0}
  m_GameObject: {fileID: 5437773035657219266}
  m_LocalRotation: {x: 0, y: 0, z: 0, w: 1}
  m_LocalPosition: {x: 0, y: 0, z: 0}
  m_LocalScale: {x: 0.052383386, y: 0.052383386, z: 0.05238339}
  m_Children: []
  m_Father: {fileID: 414622046602947863}
  m_RootOrder: 1
  m_LocalEulerAnglesHint: {x: 0, y: 0, z: 0}
--- !u!136 &7656446044922797820
CapsuleCollider:
  m_ObjectHideFlags: 0
  m_CorrespondingSourceObject: {fileID: 0}
  m_PrefabInstance: {fileID: 0}
  m_PrefabAsset: {fileID: 0}
  m_GameObject: {fileID: 5437773035657219266}
  m_Material: {fileID: 0}
  m_IsTrigger: 0
  m_Enabled: 1
  m_Radius: 0.14
  m_Height: 0.34
  m_Direction: 1
  m_Center: {x: 0, y: 0.09, z: 0.02}
--- !u!114 &839442614972282078
MonoBehaviour:
  m_ObjectHideFlags: 0
  m_CorrespondingSourceObject: {fileID: 0}
  m_PrefabInstance: {fileID: 0}
  m_PrefabAsset: {fileID: 0}
  m_GameObject: {fileID: 5437773035657219266}
  m_Enabled: 1
  m_EditorHideFlags: 0
  m_Script: {fileID: 11500000, guid: 22c2b0e0787236f4cb37f779f9dbbdd0, type: 3}
  m_Name: 
  m_EditorClassIdentifier: 
  DamageMultiplier: 2
--- !u!1 &5516475943184086764
GameObject:
  m_ObjectHideFlags: 0
  m_CorrespondingSourceObject: {fileID: 0}
  m_PrefabInstance: {fileID: 0}
  m_PrefabAsset: {fileID: 0}
  serializedVersion: 6
  m_Component:
  - component: {fileID: 2890123492525030002}
  m_Layer: 13
  m_Name: UI Prompt Position
  m_TagString: Untagged
  m_Icon: {fileID: 0}
  m_NavMeshLayer: 0
  m_StaticEditorFlags: 0
  m_IsActive: 1
--- !u!4 &2890123492525030002
Transform:
  m_ObjectHideFlags: 0
  m_CorrespondingSourceObject: {fileID: 0}
  m_PrefabInstance: {fileID: 0}
  m_PrefabAsset: {fileID: 0}
  m_GameObject: {fileID: 5516475943184086764}
  m_LocalRotation: {x: 0, y: 0, z: 0, w: 1}
  m_LocalPosition: {x: 0, y: 2.2, z: 0}
  m_LocalScale: {x: 1, y: 1, z: 1}
  m_Children: []
  m_Father: {fileID: 3195342177721623706}
  m_RootOrder: 3
  m_LocalEulerAnglesHint: {x: 0, y: 0, z: 0}
--- !u!1 &5957477237940333016
GameObject:
  m_ObjectHideFlags: 0
  m_CorrespondingSourceObject: {fileID: 0}
  m_PrefabInstance: {fileID: 0}
  m_PrefabAsset: {fileID: 0}
  serializedVersion: 6
  m_Component:
  - component: {fileID: 1660136564063679047}
  - component: {fileID: 8655572300334171543}
  - component: {fileID: 8206749920527563684}
  m_Layer: 13
  m_Name: Hitbox Left Lower Foot
  m_TagString: Untagged
  m_Icon: {fileID: 0}
  m_NavMeshLayer: 0
  m_StaticEditorFlags: 0
  m_IsActive: 1
--- !u!4 &1660136564063679047
Transform:
  m_ObjectHideFlags: 0
  m_CorrespondingSourceObject: {fileID: 0}
  m_PrefabInstance: {fileID: 0}
  m_PrefabAsset: {fileID: 0}
  m_GameObject: {fileID: 5957477237940333016}
  m_LocalRotation: {x: 0, y: 0, z: 0, w: 1}
  m_LocalPosition: {x: 0, y: 0, z: 0}
  m_LocalScale: {x: 0.052383743, y: 0.052383758, z: 0.052383766}
  m_Children: []
  m_Father: {fileID: 5077004045331629921}
  m_RootOrder: 1
  m_LocalEulerAnglesHint: {x: 0, y: 0, z: 0}
--- !u!136 &8655572300334171543
CapsuleCollider:
  m_ObjectHideFlags: 0
  m_CorrespondingSourceObject: {fileID: 0}
  m_PrefabInstance: {fileID: 0}
  m_PrefabAsset: {fileID: 0}
  m_GameObject: {fileID: 5957477237940333016}
  m_Material: {fileID: 0}
  m_IsTrigger: 0
  m_Enabled: 1
  m_Radius: 0.07
  m_Height: 0.7
  m_Direction: 1
  m_Center: {x: 0, y: 0.23, z: -0.02}
--- !u!114 &8206749920527563684
MonoBehaviour:
  m_ObjectHideFlags: 0
  m_CorrespondingSourceObject: {fileID: 0}
  m_PrefabInstance: {fileID: 0}
  m_PrefabAsset: {fileID: 0}
  m_GameObject: {fileID: 5957477237940333016}
  m_Enabled: 1
  m_EditorHideFlags: 0
  m_Script: {fileID: 11500000, guid: 22c2b0e0787236f4cb37f779f9dbbdd0, type: 3}
  m_Name: 
  m_EditorClassIdentifier: 
  DamageMultiplier: 1
--- !u!54 &5336167682194582527
Rigidbody:
  m_ObjectHideFlags: 0
  m_CorrespondingSourceObject: {fileID: 0}
  m_PrefabInstance: {fileID: 0}
  m_PrefabAsset: {fileID: 0}
  m_GameObject: {fileID: 7012593586714970041}
  serializedVersion: 2
  m_Mass: 1
  m_Drag: 0
  m_AngularDrag: 0.05
  m_UseGravity: 0
  m_IsKinematic: 1
  m_Interpolate: 0
  m_Constraints: 0
  m_CollisionDetection: 0
--- !u!1 &7525390782071111177
GameObject:
  m_ObjectHideFlags: 0
  m_CorrespondingSourceObject: {fileID: 0}
  m_PrefabInstance: {fileID: 0}
  m_PrefabAsset: {fileID: 0}
  serializedVersion: 6
  m_Component:
  - component: {fileID: 1910837067878686999}
  - component: {fileID: 7922950848294976578}
  - component: {fileID: 8486249014830675302}
  m_Layer: 13
  m_Name: Hitbox Lower Chest
  m_TagString: Untagged
  m_Icon: {fileID: 0}
  m_NavMeshLayer: 0
  m_StaticEditorFlags: 0
  m_IsActive: 1
--- !u!4 &1910837067878686999
Transform:
  m_ObjectHideFlags: 0
  m_CorrespondingSourceObject: {fileID: 0}
  m_PrefabInstance: {fileID: 0}
  m_PrefabAsset: {fileID: 0}
  m_GameObject: {fileID: 7525390782071111177}
  m_LocalRotation: {x: 0, y: 0, z: 0, w: 1}
  m_LocalPosition: {x: -0, y: 0.0005, z: 0.0012}
  m_LocalScale: {x: 0.052383386, y: 0.052383386, z: 0.05238339}
  m_Children: []
  m_Father: {fileID: 8842590671514900756}
  m_RootOrder: 1
  m_LocalEulerAnglesHint: {x: 0, y: 0, z: 0}
--- !u!65 &7922950848294976578
BoxCollider:
  m_ObjectHideFlags: 0
  m_CorrespondingSourceObject: {fileID: 0}
  m_PrefabInstance: {fileID: 0}
  m_PrefabAsset: {fileID: 0}
  m_GameObject: {fileID: 7525390782071111177}
  m_Material: {fileID: 0}
  m_IsTrigger: 0
  m_Enabled: 1
  serializedVersion: 2
  m_Size: {x: 0.3, y: 0.4, z: 0.2}
  m_Center: {x: 0, y: 0, z: 0}
--- !u!114 &8486249014830675302
MonoBehaviour:
  m_ObjectHideFlags: 0
  m_CorrespondingSourceObject: {fileID: 0}
  m_PrefabInstance: {fileID: 0}
  m_PrefabAsset: {fileID: 0}
  m_GameObject: {fileID: 7525390782071111177}
  m_Enabled: 1
  m_EditorHideFlags: 0
  m_Script: {fileID: 11500000, guid: 22c2b0e0787236f4cb37f779f9dbbdd0, type: 3}
  m_Name: 
  m_EditorClassIdentifier: 
  DamageMultiplier: 1
--- !u!1 &7738777939337851955
GameObject:
  m_ObjectHideFlags: 0
  m_CorrespondingSourceObject: {fileID: 0}
  m_PrefabInstance: {fileID: 0}
  m_PrefabAsset: {fileID: 0}
  serializedVersion: 6
  m_Component:
  - component: {fileID: 4485347272779987396}
  m_Layer: 0
  m_Name: Dialogue Pivot Point
  m_TagString: Untagged
  m_Icon: {fileID: 0}
  m_NavMeshLayer: 0
  m_StaticEditorFlags: 0
  m_IsActive: 1
--- !u!4 &4485347272779987396
Transform:
  m_ObjectHideFlags: 0
  m_CorrespondingSourceObject: {fileID: 0}
  m_PrefabInstance: {fileID: 0}
  m_PrefabAsset: {fileID: 0}
  m_GameObject: {fileID: 7738777939337851955}
  m_LocalRotation: {x: -0, y: -0, z: -0, w: 1}
  m_LocalPosition: {x: 0, y: 1.909, z: -0.023}
  m_LocalScale: {x: 1, y: 1, z: 1}
  m_Children: []
  m_Father: {fileID: 3195342177721623706}
  m_RootOrder: 4
  m_LocalEulerAnglesHint: {x: 0, y: 0, z: 0}
--- !u!1 &7958455439273085100
GameObject:
  m_ObjectHideFlags: 0
  m_CorrespondingSourceObject: {fileID: 0}
  m_PrefabInstance: {fileID: 0}
  m_PrefabAsset: {fileID: 0}
  serializedVersion: 6
  m_Component:
  - component: {fileID: 5039661139324085243}
  - component: {fileID: 7756606042447845429}
  - component: {fileID: 8715791827278354603}
  m_Layer: 13
  m_Name: Hitbox Left Lower Arm
  m_TagString: Untagged
  m_Icon: {fileID: 0}
  m_NavMeshLayer: 0
  m_StaticEditorFlags: 0
  m_IsActive: 1
--- !u!4 &5039661139324085243
Transform:
  m_ObjectHideFlags: 0
  m_CorrespondingSourceObject: {fileID: 0}
  m_PrefabInstance: {fileID: 0}
  m_PrefabAsset: {fileID: 0}
  m_GameObject: {fileID: 7958455439273085100}
  m_LocalRotation: {x: 0, y: 0, z: 0, w: 1}
  m_LocalPosition: {x: 0, y: 0, z: 0}
  m_LocalScale: {x: 0.052383397, y: 0.05238339, z: 0.05238339}
  m_Children: []
  m_Father: {fileID: 8205795783552196048}
  m_RootOrder: 1
  m_LocalEulerAnglesHint: {x: 0, y: 0, z: 0}
--- !u!136 &7756606042447845429
CapsuleCollider:
  m_ObjectHideFlags: 0
  m_CorrespondingSourceObject: {fileID: 0}
  m_PrefabInstance: {fileID: 0}
  m_PrefabAsset: {fileID: 0}
  m_GameObject: {fileID: 7958455439273085100}
  m_Material: {fileID: 0}
  m_IsTrigger: 0
  m_Enabled: 1
  m_Radius: 0.07
  m_Height: 0.38
  m_Direction: 1
  m_Center: {x: -0.03, y: 0.14, z: 0}
--- !u!114 &8715791827278354603
MonoBehaviour:
  m_ObjectHideFlags: 0
  m_CorrespondingSourceObject: {fileID: 0}
  m_PrefabInstance: {fileID: 0}
  m_PrefabAsset: {fileID: 0}
  m_GameObject: {fileID: 7958455439273085100}
  m_Enabled: 1
  m_EditorHideFlags: 0
  m_Script: {fileID: 11500000, guid: 22c2b0e0787236f4cb37f779f9dbbdd0, type: 3}
  m_Name: 
  m_EditorClassIdentifier: 
  DamageMultiplier: 1
--- !u!1 &8034938736291330481
GameObject:
  m_ObjectHideFlags: 0
  m_CorrespondingSourceObject: {fileID: 0}
  m_PrefabInstance: {fileID: 0}
  m_PrefabAsset: {fileID: 0}
  serializedVersion: 6
  m_Component:
  - component: {fileID: 6219766354832121403}
  - component: {fileID: 4447107088809715904}
  - component: {fileID: 6026883050170630451}
  m_Layer: 13
  m_Name: Hitbox Upper Chest
  m_TagString: Untagged
  m_Icon: {fileID: 0}
  m_NavMeshLayer: 0
  m_StaticEditorFlags: 0
  m_IsActive: 1
--- !u!4 &6219766354832121403
Transform:
  m_ObjectHideFlags: 0
  m_CorrespondingSourceObject: {fileID: 0}
  m_PrefabInstance: {fileID: 0}
  m_PrefabAsset: {fileID: 0}
  m_GameObject: {fileID: 8034938736291330481}
  m_LocalRotation: {x: 0, y: 0, z: 0, w: 1}
  m_LocalPosition: {x: -0.00196, y: 0.0065, z: 0.00047}
  m_LocalScale: {x: 0.052383386, y: 0.05238337, z: 0.05238338}
  m_Children: []
  m_Father: {fileID: 5093378875164437359}
  m_RootOrder: 3
  m_LocalEulerAnglesHint: {x: 0, y: 0, z: 0}
--- !u!65 &4447107088809715904
BoxCollider:
  m_ObjectHideFlags: 0
  m_CorrespondingSourceObject: {fileID: 0}
  m_PrefabInstance: {fileID: 0}
  m_PrefabAsset: {fileID: 0}
  m_GameObject: {fileID: 8034938736291330481}
  m_Material: {fileID: 0}
  m_IsTrigger: 0
  m_Enabled: 1
  serializedVersion: 2
  m_Size: {x: 0.33, y: 0.27, z: 0.22}
  m_Center: {x: 0, y: 0, z: 0}
--- !u!114 &6026883050170630451
MonoBehaviour:
  m_ObjectHideFlags: 0
  m_CorrespondingSourceObject: {fileID: 0}
  m_PrefabInstance: {fileID: 0}
  m_PrefabAsset: {fileID: 0}
  m_GameObject: {fileID: 8034938736291330481}
  m_Enabled: 1
  m_EditorHideFlags: 0
  m_Script: {fileID: 11500000, guid: 22c2b0e0787236f4cb37f779f9dbbdd0, type: 3}
  m_Name: 
  m_EditorClassIdentifier: 
  DamageMultiplier: 1.2
--- !u!1 &9166062518432630667
GameObject:
  m_ObjectHideFlags: 0
  m_CorrespondingSourceObject: {fileID: 0}
  m_PrefabInstance: {fileID: 0}
  m_PrefabAsset: {fileID: 0}
  serializedVersion: 6
  m_Component:
  - component: {fileID: 1259386397576790880}
  - component: {fileID: 5963946536149941066}
  - component: {fileID: 3791230438610192711}
  m_Layer: 13
  m_Name: Hitbox Right Lower Arm
  m_TagString: Untagged
  m_Icon: {fileID: 0}
  m_NavMeshLayer: 0
  m_StaticEditorFlags: 0
  m_IsActive: 1
--- !u!4 &1259386397576790880
Transform:
  m_ObjectHideFlags: 0
  m_CorrespondingSourceObject: {fileID: 0}
  m_PrefabInstance: {fileID: 0}
  m_PrefabAsset: {fileID: 0}
  m_GameObject: {fileID: 9166062518432630667}
  m_LocalRotation: {x: 0, y: 0, z: 0, w: 1}
  m_LocalPosition: {x: 0, y: 0, z: 0}
  m_LocalScale: {x: 0.052383386, y: 0.052383386, z: 0.05238335}
  m_Children: []
  m_Father: {fileID: 656014396841897754}
  m_RootOrder: 1
  m_LocalEulerAnglesHint: {x: 0, y: 0, z: 0}
--- !u!136 &5963946536149941066
CapsuleCollider:
  m_ObjectHideFlags: 0
  m_CorrespondingSourceObject: {fileID: 0}
  m_PrefabInstance: {fileID: 0}
  m_PrefabAsset: {fileID: 0}
  m_GameObject: {fileID: 9166062518432630667}
  m_Material: {fileID: 0}
  m_IsTrigger: 0
  m_Enabled: 1
  m_Radius: 0.07
  m_Height: 0.38
  m_Direction: 1
  m_Center: {x: 0.03, y: 0.14, z: 0}
--- !u!114 &3791230438610192711
MonoBehaviour:
  m_ObjectHideFlags: 0
  m_CorrespondingSourceObject: {fileID: 0}
  m_PrefabInstance: {fileID: 0}
  m_PrefabAsset: {fileID: 0}
  m_GameObject: {fileID: 9166062518432630667}
  m_Enabled: 1
  m_EditorHideFlags: 0
  m_Script: {fileID: 11500000, guid: 22c2b0e0787236f4cb37f779f9dbbdd0, type: 3}
  m_Name: 
  m_EditorClassIdentifier: 
  DamageMultiplier: 1
--- !u!1001 &1219207957119645191
PrefabInstance:
  m_ObjectHideFlags: 0
  serializedVersion: 2
  m_Modification:
    m_TransformParent: {fileID: 8842590671514900756}
    m_Modifications:
    - target: {fileID: 3991861274058963938, guid: bde71d82db101b345a641633e16036c0,
        type: 3}
      propertyPath: m_Name
      value: Death Dissolve Particles
      objectReference: {fileID: 0}
    - target: {fileID: 4610353913121839708, guid: bde71d82db101b345a641633e16036c0,
        type: 3}
      propertyPath: m_LocalPosition.x
      value: -0.0002
      objectReference: {fileID: 0}
    - target: {fileID: 4610353913121839708, guid: bde71d82db101b345a641633e16036c0,
        type: 3}
      propertyPath: m_LocalPosition.y
      value: 0.0185
      objectReference: {fileID: 0}
    - target: {fileID: 4610353913121839708, guid: bde71d82db101b345a641633e16036c0,
        type: 3}
      propertyPath: m_LocalPosition.z
      value: 0.0111
      objectReference: {fileID: 0}
    - target: {fileID: 4610353913121839708, guid: bde71d82db101b345a641633e16036c0,
        type: 3}
      propertyPath: m_LocalRotation.x
      value: -0.7071068
      objectReference: {fileID: 0}
    - target: {fileID: 4610353913121839708, guid: bde71d82db101b345a641633e16036c0,
        type: 3}
      propertyPath: m_LocalRotation.y
      value: 0
      objectReference: {fileID: 0}
    - target: {fileID: 4610353913121839708, guid: bde71d82db101b345a641633e16036c0,
        type: 3}
      propertyPath: m_LocalRotation.z
      value: 0
      objectReference: {fileID: 0}
    - target: {fileID: 4610353913121839708, guid: bde71d82db101b345a641633e16036c0,
        type: 3}
      propertyPath: m_LocalRotation.w
      value: 0.7071068
      objectReference: {fileID: 0}
    - target: {fileID: 4610353913121839708, guid: bde71d82db101b345a641633e16036c0,
        type: 3}
      propertyPath: m_RootOrder
      value: 2
      objectReference: {fileID: 0}
    - target: {fileID: 4610353913121839708, guid: bde71d82db101b345a641633e16036c0,
        type: 3}
      propertyPath: m_LocalEulerAnglesHint.x
      value: -90
      objectReference: {fileID: 0}
    - target: {fileID: 4610353913121839708, guid: bde71d82db101b345a641633e16036c0,
        type: 3}
      propertyPath: m_LocalEulerAnglesHint.y
      value: 0
      objectReference: {fileID: 0}
    - target: {fileID: 4610353913121839708, guid: bde71d82db101b345a641633e16036c0,
        type: 3}
      propertyPath: m_LocalEulerAnglesHint.z
      value: 0
      objectReference: {fileID: 0}
    - target: {fileID: 4610353913121839708, guid: bde71d82db101b345a641633e16036c0,
        type: 3}
      propertyPath: m_LocalScale.x
      value: 1
      objectReference: {fileID: 0}
    - target: {fileID: 4610353913121839708, guid: bde71d82db101b345a641633e16036c0,
        type: 3}
      propertyPath: m_LocalScale.y
      value: 1
      objectReference: {fileID: 0}
    - target: {fileID: 4610353913121839708, guid: bde71d82db101b345a641633e16036c0,
        type: 3}
      propertyPath: m_LocalScale.z
      value: 1
      objectReference: {fileID: 0}
    m_RemovedComponents: []
  m_SourcePrefab: {fileID: 100100000, guid: bde71d82db101b345a641633e16036c0, type: 3}
--- !u!198 &7909112965926407199 stripped
ParticleSystem:
  m_CorrespondingSourceObject: {fileID: 9018932675645864472, guid: bde71d82db101b345a641633e16036c0,
    type: 3}
  m_PrefabInstance: {fileID: 1219207957119645191}
  m_PrefabAsset: {fileID: 0}
--- !u!1001 &1328651638052445872
PrefabInstance:
  m_ObjectHideFlags: 0
  serializedVersion: 2
  m_Modification:
    m_TransformParent: {fileID: 3195342177721623706}
    m_Modifications:
    - target: {fileID: -7644368708306251204, guid: 1383d1c7b1325554aa272d35bc248c43,
        type: 3}
      propertyPath: m_Layer
      value: 0
      objectReference: {fileID: 0}
    - target: {fileID: -6057140222963153312, guid: 1383d1c7b1325554aa272d35bc248c43,
        type: 3}
      propertyPath: m_Controller
      value: 
      objectReference: {fileID: 9100000, guid: bcd1a4e8dabffce4fbbe3eef04d00bdc, type: 2}
    - target: {fileID: -6057140222963153312, guid: 1383d1c7b1325554aa272d35bc248c43,
        type: 3}
      propertyPath: m_ApplyRootMotion
      value: 0
      objectReference: {fileID: 0}
    - target: {fileID: -5611436321966709150, guid: 1383d1c7b1325554aa272d35bc248c43,
        type: 3}
      propertyPath: m_Materials.Array.size
      value: 2
      objectReference: {fileID: 0}
    - target: {fileID: -5611436321966709150, guid: 1383d1c7b1325554aa272d35bc248c43,
        type: 3}
      propertyPath: m_Materials.Array.data[0]
      value: 
      objectReference: {fileID: 2100000, guid: e85d87f61cbae6a4ea46b4cd0a95eada, type: 2}
    - target: {fileID: -5611436321966709150, guid: 1383d1c7b1325554aa272d35bc248c43,
        type: 3}
      propertyPath: m_Materials.Array.data[1]
      value: 
      objectReference: {fileID: 2100000, guid: 98a33134411763743ab1042eaa2067a5, type: 2}
    - target: {fileID: -4216859302048453862, guid: 1383d1c7b1325554aa272d35bc248c43,
        type: 3}
      propertyPath: m_LocalPosition.x
      value: 0
      objectReference: {fileID: 0}
    - target: {fileID: -4216859302048453862, guid: 1383d1c7b1325554aa272d35bc248c43,
        type: 3}
      propertyPath: m_LocalPosition.y
      value: 0
      objectReference: {fileID: 0}
    - target: {fileID: -4216859302048453862, guid: 1383d1c7b1325554aa272d35bc248c43,
        type: 3}
      propertyPath: m_LocalPosition.z
      value: 0
      objectReference: {fileID: 0}
    - target: {fileID: -4216859302048453862, guid: 1383d1c7b1325554aa272d35bc248c43,
        type: 3}
      propertyPath: m_LocalRotation.x
      value: 0
      objectReference: {fileID: 0}
    - target: {fileID: -4216859302048453862, guid: 1383d1c7b1325554aa272d35bc248c43,
        type: 3}
      propertyPath: m_LocalRotation.y
      value: 0
      objectReference: {fileID: 0}
    - target: {fileID: -4216859302048453862, guid: 1383d1c7b1325554aa272d35bc248c43,
        type: 3}
      propertyPath: m_LocalRotation.z
      value: 0
      objectReference: {fileID: 0}
    - target: {fileID: -4216859302048453862, guid: 1383d1c7b1325554aa272d35bc248c43,
        type: 3}
      propertyPath: m_LocalRotation.w
      value: 1
      objectReference: {fileID: 0}
    - target: {fileID: -4216859302048453862, guid: 1383d1c7b1325554aa272d35bc248c43,
        type: 3}
      propertyPath: m_RootOrder
      value: 0
      objectReference: {fileID: 0}
    - target: {fileID: -4216859302048453862, guid: 1383d1c7b1325554aa272d35bc248c43,
        type: 3}
      propertyPath: m_LocalEulerAnglesHint.x
      value: 0
      objectReference: {fileID: 0}
    - target: {fileID: -4216859302048453862, guid: 1383d1c7b1325554aa272d35bc248c43,
        type: 3}
      propertyPath: m_LocalEulerAnglesHint.y
      value: 0
      objectReference: {fileID: 0}
    - target: {fileID: -4216859302048453862, guid: 1383d1c7b1325554aa272d35bc248c43,
        type: 3}
      propertyPath: m_LocalEulerAnglesHint.z
      value: 0
      objectReference: {fileID: 0}
    - target: {fileID: -1184144618926707368, guid: 1383d1c7b1325554aa272d35bc248c43,
        type: 3}
      propertyPath: m_Layer
      value: 0
      objectReference: {fileID: 0}
    - target: {fileID: -927199367670048503, guid: 1383d1c7b1325554aa272d35bc248c43,
        type: 3}
      propertyPath: m_Name
      value: mesh_HumanoidPuppet
      objectReference: {fileID: 0}
    - target: {fileID: 2284783660970445095, guid: 1383d1c7b1325554aa272d35bc248c43,
        type: 3}
      propertyPath: m_Layer
      value: 0
      objectReference: {fileID: 0}
    - target: {fileID: 7134725260788548898, guid: 1383d1c7b1325554aa272d35bc248c43,
        type: 3}
      propertyPath: m_Layer
      value: 13
      objectReference: {fileID: 0}
    - target: {fileID: 9111962883125049612, guid: 1383d1c7b1325554aa272d35bc248c43,
        type: 3}
      propertyPath: m_Layer
      value: 0
      objectReference: {fileID: 0}
    m_RemovedComponents: []
  m_SourcePrefab: {fileID: 100100000, guid: 1383d1c7b1325554aa272d35bc248c43, type: 3}
--- !u!4 &3463981276554569091 stripped
Transform:
  m_CorrespondingSourceObject: {fileID: 2477781606089685811, guid: 1383d1c7b1325554aa272d35bc248c43,
    type: 3}
  m_PrefabInstance: {fileID: 1328651638052445872}
  m_PrefabAsset: {fileID: 0}
--- !u!4 &8842590671514900756 stripped
Transform:
  m_CorrespondingSourceObject: {fileID: 7550109942360786852, guid: 1383d1c7b1325554aa272d35bc248c43,
    type: 3}
  m_PrefabInstance: {fileID: 1328651638052445872}
  m_PrefabAsset: {fileID: 0}
--- !u!4 &5473243310127589829 stripped
Transform:
  m_CorrespondingSourceObject: {fileID: -2772937080149674123, guid: 1383d1c7b1325554aa272d35bc248c43,
    type: 3}
  m_PrefabInstance: {fileID: 1328651638052445872}
  m_PrefabAsset: {fileID: 0}
--- !u!137 &2328499293505747154 stripped
SkinnedMeshRenderer:
  m_CorrespondingSourceObject: {fileID: -5611436321966709150, guid: 1383d1c7b1325554aa272d35bc248c43,
    type: 3}
  m_PrefabInstance: {fileID: 1328651638052445872}
  m_PrefabAsset: {fileID: 0}
--- !u!95 &4143565297478424784 stripped
Animator:
  m_CorrespondingSourceObject: {fileID: -6057140222963153312, guid: 1383d1c7b1325554aa272d35bc248c43,
    type: 3}
  m_PrefabInstance: {fileID: 1328651638052445872}
  m_PrefabAsset: {fileID: 0}
--- !u!4 &6272077694188582314 stripped
Transform:
  m_CorrespondingSourceObject: {fileID: -4216859302048453862, guid: 1383d1c7b1325554aa272d35bc248c43,
    type: 3}
  m_PrefabInstance: {fileID: 1328651638052445872}
  m_PrefabAsset: {fileID: 0}
--- !u!1 &7012593586714970041 stripped
GameObject:
  m_CorrespondingSourceObject: {fileID: -927199367670048503, guid: 1383d1c7b1325554aa272d35bc248c43,
    type: 3}
  m_PrefabInstance: {fileID: 1328651638052445872}
  m_PrefabAsset: {fileID: 0}
--- !u!4 &2363421639493425396 stripped
Transform:
  m_CorrespondingSourceObject: {fileID: -5567330030375057852, guid: 1383d1c7b1325554aa272d35bc248c43,
    type: 3}
  m_PrefabInstance: {fileID: 1328651638052445872}
  m_PrefabAsset: {fileID: 0}
--- !u!4 &5219945118285736119 stripped
Transform:
  m_CorrespondingSourceObject: {fileID: -2738001872585492985, guid: 1383d1c7b1325554aa272d35bc248c43,
    type: 3}
  m_PrefabInstance: {fileID: 1328651638052445872}
  m_PrefabAsset: {fileID: 0}
--- !u!4 &656014396841897754 stripped
Transform:
  m_CorrespondingSourceObject: {fileID: 1975655537095143850, guid: 1383d1c7b1325554aa272d35bc248c43,
    type: 3}
  m_PrefabInstance: {fileID: 1328651638052445872}
  m_PrefabAsset: {fileID: 0}
--- !u!4 &5281751801384337223 stripped
Transform:
  m_CorrespondingSourceObject: {fileID: 6574372443384816119, guid: 1383d1c7b1325554aa272d35bc248c43,
    type: 3}
  m_PrefabInstance: {fileID: 1328651638052445872}
  m_PrefabAsset: {fileID: 0}
--- !u!4 &5077004045331629921 stripped
Transform:
  m_CorrespondingSourceObject: {fileID: 6054374911775726033, guid: 1383d1c7b1325554aa272d35bc248c43,
    type: 3}
  m_PrefabInstance: {fileID: 1328651638052445872}
  m_PrefabAsset: {fileID: 0}
--- !u!4 &8205795783552196048 stripped
Transform:
  m_CorrespondingSourceObject: {fileID: 7174381995929994080, guid: 1383d1c7b1325554aa272d35bc248c43,
    type: 3}
  m_PrefabInstance: {fileID: 1328651638052445872}
  m_PrefabAsset: {fileID: 0}
--- !u!4 &8770607531081086677 stripped
Transform:
  m_CorrespondingSourceObject: {fileID: 7766216440724547685, guid: 1383d1c7b1325554aa272d35bc248c43,
    type: 3}
  m_PrefabInstance: {fileID: 1328651638052445872}
  m_PrefabAsset: {fileID: 0}
--- !u!4 &414622046602947863 stripped
Transform:
  m_CorrespondingSourceObject: {fileID: 1707243787577406375, guid: 1383d1c7b1325554aa272d35bc248c43,
    type: 3}
  m_PrefabInstance: {fileID: 1328651638052445872}
  m_PrefabAsset: {fileID: 0}
--- !u!4 &5093378875164437359 stripped
Transform:
  m_CorrespondingSourceObject: {fileID: -3107764419183184417, guid: 1383d1c7b1325554aa272d35bc248c43,
    type: 3}
  m_PrefabInstance: {fileID: 1328651638052445872}
  m_PrefabAsset: {fileID: 0}
--- !u!4 &2544537929382915758 stripped
Transform:
  m_CorrespondingSourceObject: {fileID: 3539919896332415006, guid: 1383d1c7b1325554aa272d35bc248c43,
    type: 3}
  m_PrefabInstance: {fileID: 1328651638052445872}
  m_PrefabAsset: {fileID: 0}
--- !u!1001 &2333265867486063679
PrefabInstance:
  m_ObjectHideFlags: 0
  serializedVersion: 2
  m_Modification:
    m_TransformParent: {fileID: 3195342177721623706}
    m_Modifications:
    - target: {fileID: 6377464106839257056, guid: 4f033188aa801c544b5202ac71f04e6a,
        type: 3}
      propertyPath: m_Name
      value: Light Pistol
      objectReference: {fileID: 0}
    - target: {fileID: 6377464106839257056, guid: 4f033188aa801c544b5202ac71f04e6a,
        type: 3}
      propertyPath: m_IsActive
      value: 0
      objectReference: {fileID: 0}
    - target: {fileID: 7987718914499141107, guid: 4f033188aa801c544b5202ac71f04e6a,
        type: 3}
      propertyPath: m_LocalPosition.x
      value: 0.73209953
      objectReference: {fileID: 0}
    - target: {fileID: 7987718914499141107, guid: 4f033188aa801c544b5202ac71f04e6a,
        type: 3}
      propertyPath: m_LocalPosition.y
      value: 1.4423001
      objectReference: {fileID: 0}
    - target: {fileID: 7987718914499141107, guid: 4f033188aa801c544b5202ac71f04e6a,
        type: 3}
      propertyPath: m_LocalPosition.z
      value: -0.19600004
      objectReference: {fileID: 0}
    - target: {fileID: 7987718914499141107, guid: 4f033188aa801c544b5202ac71f04e6a,
        type: 3}
      propertyPath: m_LocalRotation.x
      value: 0.000000061767764
      objectReference: {fileID: 0}
    - target: {fileID: 7987718914499141107, guid: 4f033188aa801c544b5202ac71f04e6a,
        type: 3}
      propertyPath: m_LocalRotation.y
      value: 0.70710677
      objectReference: {fileID: 0}
    - target: {fileID: 7987718914499141107, guid: 4f033188aa801c544b5202ac71f04e6a,
        type: 3}
      propertyPath: m_LocalRotation.z
      value: 0.7071068
      objectReference: {fileID: 0}
    - target: {fileID: 7987718914499141107, guid: 4f033188aa801c544b5202ac71f04e6a,
        type: 3}
      propertyPath: m_LocalRotation.w
      value: -0.000000028417926
      objectReference: {fileID: 0}
    - target: {fileID: 7987718914499141107, guid: 4f033188aa801c544b5202ac71f04e6a,
        type: 3}
      propertyPath: m_RootOrder
      value: 1
      objectReference: {fileID: 0}
    - target: {fileID: 7987718914499141107, guid: 4f033188aa801c544b5202ac71f04e6a,
        type: 3}
      propertyPath: m_LocalEulerAnglesHint.x
      value: 0
      objectReference: {fileID: 0}
    - target: {fileID: 7987718914499141107, guid: 4f033188aa801c544b5202ac71f04e6a,
        type: 3}
      propertyPath: m_LocalEulerAnglesHint.y
      value: 0
      objectReference: {fileID: 0}
    - target: {fileID: 7987718914499141107, guid: 4f033188aa801c544b5202ac71f04e6a,
        type: 3}
      propertyPath: m_LocalEulerAnglesHint.z
      value: 0
      objectReference: {fileID: 0}
    - target: {fileID: 7987718914499141107, guid: 4f033188aa801c544b5202ac71f04e6a,
        type: 3}
      propertyPath: m_LocalScale.x
      value: 0.010000002
      objectReference: {fileID: 0}
    - target: {fileID: 7987718914499141107, guid: 4f033188aa801c544b5202ac71f04e6a,
        type: 3}
      propertyPath: m_LocalScale.y
      value: 0.009999998
      objectReference: {fileID: 0}
    - target: {fileID: 7987718914499141107, guid: 4f033188aa801c544b5202ac71f04e6a,
        type: 3}
      propertyPath: m_LocalScale.z
      value: 0.010000002
      objectReference: {fileID: 0}
    m_RemovedComponents: []
  m_SourcePrefab: {fileID: 100100000, guid: 4f033188aa801c544b5202ac71f04e6a, type: 3}
--- !u!1 &8709998106595935199 stripped
GameObject:
  m_CorrespondingSourceObject: {fileID: 6377464106839257056, guid: 4f033188aa801c544b5202ac71f04e6a,
    type: 3}
  m_PrefabInstance: {fileID: 2333265867486063679}
  m_PrefabAsset: {fileID: 0}
--- !u!4 &5673261168835113420 stripped
Transform:
  m_CorrespondingSourceObject: {fileID: 7987718914499141107, guid: 4f033188aa801c544b5202ac71f04e6a,
    type: 3}
  m_PrefabInstance: {fileID: 2333265867486063679}
  m_PrefabAsset: {fileID: 0}
--- !u!1001 &3120835746098657504
PrefabInstance:
  m_ObjectHideFlags: 0
  serializedVersion: 2
  m_Modification:
    m_TransformParent: {fileID: 3195342177721623706}
    m_Modifications:
    - target: {fileID: 7973540231834041350, guid: 02a8864592918054c9c8d507e4577203,
        type: 3}
      propertyPath: m_LocalPosition.x
      value: 0
      objectReference: {fileID: 0}
    - target: {fileID: 7973540231834041350, guid: 02a8864592918054c9c8d507e4577203,
        type: 3}
      propertyPath: m_LocalPosition.y
      value: 0
      objectReference: {fileID: 0}
    - target: {fileID: 7973540231834041350, guid: 02a8864592918054c9c8d507e4577203,
        type: 3}
      propertyPath: m_LocalPosition.z
      value: 0
      objectReference: {fileID: 0}
    - target: {fileID: 7973540231834041350, guid: 02a8864592918054c9c8d507e4577203,
        type: 3}
      propertyPath: m_LocalRotation.x
      value: 0
      objectReference: {fileID: 0}
    - target: {fileID: 7973540231834041350, guid: 02a8864592918054c9c8d507e4577203,
        type: 3}
      propertyPath: m_LocalRotation.y
      value: 0
      objectReference: {fileID: 0}
    - target: {fileID: 7973540231834041350, guid: 02a8864592918054c9c8d507e4577203,
        type: 3}
      propertyPath: m_LocalRotation.z
      value: 0
      objectReference: {fileID: 0}
    - target: {fileID: 7973540231834041350, guid: 02a8864592918054c9c8d507e4577203,
        type: 3}
      propertyPath: m_LocalRotation.w
      value: 1
      objectReference: {fileID: 0}
    - target: {fileID: 7973540231834041350, guid: 02a8864592918054c9c8d507e4577203,
        type: 3}
      propertyPath: m_RootOrder
      value: 2
      objectReference: {fileID: 0}
    - target: {fileID: 7973540231834041350, guid: 02a8864592918054c9c8d507e4577203,
        type: 3}
      propertyPath: m_LocalEulerAnglesHint.x
      value: 0
      objectReference: {fileID: 0}
    - target: {fileID: 7973540231834041350, guid: 02a8864592918054c9c8d507e4577203,
        type: 3}
      propertyPath: m_LocalEulerAnglesHint.y
      value: 0
      objectReference: {fileID: 0}
    - target: {fileID: 7973540231834041350, guid: 02a8864592918054c9c8d507e4577203,
        type: 3}
      propertyPath: m_LocalEulerAnglesHint.z
      value: 0
      objectReference: {fileID: 0}
    - target: {fileID: 7973540231834041351, guid: 02a8864592918054c9c8d507e4577203,
        type: 3}
      propertyPath: m_Name
      value: Light Melee Weapon
      objectReference: {fileID: 0}
    - target: {fileID: 7973540231834041351, guid: 02a8864592918054c9c8d507e4577203,
        type: 3}
      propertyPath: m_IsActive
      value: 0
      objectReference: {fileID: 0}
    m_RemovedComponents: []
  m_SourcePrefab: {fileID: 100100000, guid: 02a8864592918054c9c8d507e4577203, type: 3}
--- !u!1 &5037517027268216039 stripped
GameObject:
  m_CorrespondingSourceObject: {fileID: 7973540231834041351, guid: 02a8864592918054c9c8d507e4577203,
    type: 3}
  m_PrefabInstance: {fileID: 3120835746098657504}
  m_PrefabAsset: {fileID: 0}
--- !u!4 &5037517027268216038 stripped
Transform:
  m_CorrespondingSourceObject: {fileID: 7973540231834041350, guid: 02a8864592918054c9c8d507e4577203,
    type: 3}
  m_PrefabInstance: {fileID: 3120835746098657504}
  m_PrefabAsset: {fileID: 0}
